<record><leader>00000cas a22000007a 4500</leader><controlfield tag="001">12146893</controlfield><controlfield tag="008">850612d18231826njuwr ne      0    0eng d</controlfield><datafield ind1=" " ind2=" " tag="010"><subfield code="a">sn 85035791 </subfield></datafield><datafield ind1=" " ind2=" " tag="040"><subfield code="a">NPA</subfield><subfield code="b">eng</subfield><subfield code="c">NPA</subfield><subfield code="d">NJW</subfield><subfield code="d">HLS</subfield><subfield code="d">OCLCQ</subfield></datafield><datafield ind1=" " ind2=" " tag="042"><subfield code="a">msc</subfield></datafield><datafield ind1="0" ind2="0" tag="245"><subfield code="a">Somerset messenger, and Somerset County advertiser.</subfield></datafield><datafield ind1="3" ind2="0" tag="246"><subfield code="a">Somerset County advertiser</subfield></datafield><datafield ind1="1" ind2=" " tag="246"><subfield code="i">Issue for Nov. 25, 1824 has title:</subfield><subfield code="a">Somerville messenger and Somerset County advertiser</subfield></datafield><datafield ind1=" " ind2=" " tag="260"><subfield code="a">[Somerville, N.J.] :</subfield><subfield code="b">Gore &amp; Hull,</subfield><subfield code="c">1823-1826.</subfield></datafield><datafield ind1=" " ind2=" " tag="300"><subfield code="a">v. :</subfield><subfield code="b">ill. (chiefly advertisements)</subfield></datafield><datafield ind1=" " ind2=" " tag="310"><subfield code="a">Weekly</subfield></datafield><datafield ind1="0" ind2=" " tag="362"><subfield code="a">Vol. 1, no. 1 (Oct. 16, 1823)-v. 4, no. 168 (Dec. 28, 1826).</subfield></datafield><datafield ind1=" " ind2=" " tag="500"><subfield code="a">Published by James E. Gore, Aug. 5, 1824-Dec. 28, 1826.</subfield></datafield><datafield ind1=" " ind2=" " tag="515"><subfield code="a">Issue for Nov. 25, 1824 incorrectly called: v. 41.</subfield></datafield><datafield ind1=" " ind2=" " tag="530"><subfield code="a">Also issued on microfilm by Norton Micro Images.</subfield></datafield><datafield ind1=" " ind2=" " tag="752"><subfield code="a">United States</subfield><subfield code="b">New Jersey</subfield><subfield code="c">Somerset</subfield><subfield code="d">Somerville.</subfield></datafield><datafield ind1="0" ind2="0" tag="785"><subfield code="t">Somerset messenger</subfield><subfield code="w">(DLC)sn 84026263</subfield><subfield code="w">(OCoLC)10362248</subfield></datafield><datafield ind1="1" ind2=" " tag="029"><subfield code="a">AU@</subfield><subfield code="b">000026072301</subfield></datafield></record>